%icml2021

@article {infant_cp,
	author = {Eimas, Peter D. and Siqueland, Einar R. and Jusczyk, Peter and Vigorito, James},
	title = {Speech Perception in Infants},
	volume = {171},
	number = {3968},
	pages = {303--306},
	year = {1971},
	doi = {10.1126/science.171.3968.303},
	publisher = {American Association for the Advancement of Science},
	issn = {0036-8075},
	URL = {https://science.sciencemag.org/content/171/3968/303},
	eprint = {https://science.sciencemag.org/content/171/3968/303.full.pdf},
	journal = {Science}
}

@article{decisionspeed,
  title={Reaction times to comparisons within and across phonetic categories},
  author={D. Pisoni and J. Tash},
  journal={Perception \& Psychophysics},
  year={1974},
  volume={15},
  pages={285-290}
}
















%Thesis
@article{svm,
author = {Cortes, Corinna and Vapnik, Vladimir},
title = {Support-Vector Networks},
year = {1995},
issue_date = {Sept. 1995},
publisher = {Kluwer Academic Publishers},
address = {USA},
volume = {20},
number = {3},
issn = {0885-6125},
url = {https://doi.org/10.1023/A:1022627411411},
doi = {10.1023/A:1022627411411},
journal = {Mach. Learn.},
month = sep,
pages = {273–297},
numpages = {25},
keywords = {polynomial classifiers, pattern recognition, neural networks, efficient learning algorithms, radial basis function classifiers}
}

@article{stability_selection,
author = {Meinshausen, Nicolai and Bühlmann, Peter},
title = {Stability selection},
journal = {Journal of the Royal Statistical Society: Series B (Statistical Methodology)},
volume = {72},
number = {4},
pages = {417-473},
keywords = {High dimensional data, Resampling, Stability selection, Structure estimation},
doi = {https://doi.org/10.1111/j.1467-9868.2010.00740.x},
url = {https://rss.onlinelibrary.wiley.com/doi/abs/10.1111/j.1467-9868.2010.00740.x},
eprint = {https://rss.onlinelibrary.wiley.com/doi/pdf/10.1111/j.1467-9868.2010.00740.x},
year = {2010}
}

@INPROCEEDINGS{gradcam,
  author={R. R. {Selvaraju} and M. {Cogswell} and A. {Das} and R. {Vedantam} and D. {Parikh} and D. {Batra}},
  booktitle={2017 IEEE International Conference on Computer Vision (ICCV)},
  title={Grad-CAM: Visual Explanations from Deep Networks via Gradient-Based Localization},
  year={2017},
  volume={},
  number={},
  pages={618-626},
  doi={10.1109/ICCV.2017.74},
  ISSN={2380-7504},
  month={Oct},}

@INPROCEEDINGS{allconvnet,
  author       = "J.T. Springenberg and A. Dosovitskiy and T. Brox and M. Riedmiller",
  title        = "Striving for Simplicity: The All Convolutional Net",
  booktitle    = "ICLR (workshop track)",
  year         = "2015",
  url          = "http://lmb.informatik.uni-freiburg.de/Publications/2015/DB15a"
}

@INPROCEEDINGS{deconvnet,
  author="Zeiler, Matthew D.
  and Fergus, Rob",
  editor="Fleet, David
  and Pajdla, Tomas
  and Schiele, Bernt
  and Tuytelaars, Tinne",
  title="Visualizing and Understanding Convolutional Networks",
  booktitle="Computer Vision -- ECCV 2014",
  year="2014",
  publisher="Springer International Publishing",
  address="Cham",
  pages="818--833",
}

@article{Al_Fahad_2020,
	doi = {10.1088/1741-2552/ab6040},
	url = {https://doi.org/10.1088%2F1741-2552%2Fab6040},
	year = 2020,
	month = {feb},
	publisher = {{IOP} Publishing},
	volume = {17},
	number = {1},
	pages = {016045},
	author = {Rakib Al-Fahad and Mohammed Yeasin and Gavin M Bidelman},
	title = {Decoding of single-trial {EEG} reveals unique states of functional brain connectivity that drive rapid speech categorization decisions},
	journal = {Journal of Neural Engineering},
}

@ARTICLE{mne,
  AUTHOR={Gramfort, Alexandre and Luessi, Martin and Larson, Eric and Engemann, Denis and Strohmeier, Daniel and Brodbeck, Christian and Goj, Roman and Jas, Mainak and Brooks, Teon and Parkkonen, Lauri and Hämäläinen, Matti},
  TITLE={MEG and EEG data analysis with MNE-Python},
  JOURNAL={Frontiers in Neuroscience},
  VOLUME={7},
  PAGES={267},
  YEAR={2013},
  URL={https://www.frontiersin.org/article/10.3389/fnins.2013.00267},
  DOI={10.3389/fnins.2013.00267},
  ISSN={1662-453X},
}

@article{bashivan2015,
	title={Learning Representations from EEG with Deep Recurrent-Convolutional Neural Networks},
	author={Bashivan, Pouya and Rish, Irina and Yeasin, Mohammed and Codella, C. F. Noel},
	journal={International Conference on Learning Representations},
	year={2015}
}

@article{blackwood,
  title={Cognitive Brain Potentials and their Application},
  volume={157},
  DOI={10.1192/S0007125000291897},
  number={S9},
  journal={British Journal of Psychiatry},
  publisher={Cambridge University Press},
  author={Blackwood, D. H. R. and Muir, W. J.},
  year={1990},
  pages={96–101}
}

@article{eegnoise,
author = {Artieda, Julio and Alegre, Manuel and Valencia, Miguel},
year = {2006},
month = {09},
pages = {2109-2110},
title = {Electric Fields of the Brain. The Neurophysics of EEG, second ed. Paul L. Nunez, Ramesh Srinivasan},
volume = {117},
journal = {Clinical Neurophysiology - CLIN NEUROPHYSIOL},
doi = {10.1016/j.clinph.2006.06.001}
}

@article{ERP,
  author = {Friedman, David and Johnson Jr., Ray},
  title = {Event-related potential (ERP) studies of memory encoding and retrieval: A selective review},
  journal = {Microscopy Research and Technique},
  volume = {51},
  number = {1},
  pages = {6-28},
  doi = {10.1002/1097-0029(20001001)51:1<6::AID-JEMT2>3.0.CO;2-R},
  year = {2000}
}

@incollection{TPE_1,
  title = {Algorithms for Hyper-Parameter Optimization},
  author = {James S. Bergstra and Bardenet, R\'{e}mi and Bengio, Yoshua and Bal\'{a}zs K\'{e}gl},
  booktitle = {Advances in Neural Information Processing Systems 24},
  editor = {J. Shawe-Taylor and R. S. Zemel and P. L. Bartlett and F. Pereira and K. Q. Weinberger},
  pages = {2546--2554},
  year = {2011},
  publisher = {Curran Associates, Inc.},
  url = {http://papers.nips.cc/paper/4443-algorithms-for-hyper-parameter-optimization.pdf}
}

@INPROCEEDINGS{resnet,
  author={K. {He} and X. {Zhang} and S. {Ren} and J. {Sun}},
  booktitle={2016 IEEE Conference on Computer Vision and Pattern Recognition (CVPR)},
  title={Deep Residual Learning for Image Recognition},
  year={2016},
  volume={},
  number={},
  pages={770-778}
}

@inproceedings{nadam,
  title={Incorporating Nesterov Momentum into Adam},
  author={Timothy Dozat},
  year={2016}
}

@article{adam,
  author = {Kingma, Diederik and Ba, Jimmy},
  year = {2014},
  month = {12},
  pages = {},
  title = {Adam: A Method for Stochastic Optimization},
  journal = {International Conference on Learning Representations}
}

@article{relu,
	title = {Digital selection and analogue amplification coexist in a cortex-inspired silicon circuit},
	volume = {405},
	issn = {1476-4687},
	url = {https://doi.org/10.1038/35016072},
	doi = {10.1038/35016072},
	number = {6789},
	journal = {Nature},
	author = {Hahnloser, Richard H. R. and Sarpeshkar, Rahul and Mahowald, Misha A. and Douglas, Rodney J. and Seung, H. Sebastian},
	month = jun,
	year = {2000},
	pages = {947--951}
}

@INPROCEEDINGS{relu_2,
  author={K. {Jarrett} and K. {Kavukcuoglu} and M. {Ranzato} and Y. {LeCun}},
  booktitle={2009 IEEE 12th International Conference on Computer Vision},
  title={What is the best multi-stage architecture for object recognition?},
  year={2009},
  volume={},
  number={},
  pages={2146-2153}
}

@article{elu,
  title={Fast and Accurate Deep Network Learning by Exponential Linear Units (ELUs)},
  author={Djork-Arn{\'e} Clevert and Thomas Unterthiner and S. Hochreiter},
  journal={CoRR},
  year={2016},
  volume={abs/1511.07289}
}

@InProceedings{vgg,
  author       = "Karen Simonyan and Andrew Zisserman",
  title        = "Very Deep Convolutional Networks for Large-Scale Image Recognition",
  booktitle    = "International Conference on Learning Representations",
  year         = "2015",
}

@ARTICLE{lenet,
  author={Y. {Lecun} and L. {Bottou} and Y. {Bengio} and P. {Haffner}},
  journal={Proceedings of the IEEE},
  title={Gradient-based learning applied to document recognition},
  year={1998},
  volume={86},
  number={11},
  pages={2278-2324}
}

@article{lstm,
  author = {Hochreiter, Sepp and Schmidhuber, J\"{u}rgen},
  title = {Long Short-Term Memory},
  year = {1997},
  issue_date = {November 15, 1997},
  publisher = {MIT Press},
  address = {Cambridge, MA, USA},
  volume = {9},
  number = {8},
  issn = {0899-7667},
  url = {https://doi.org/10.1162/neco.1997.9.8.1735},
  doi = {10.1162/neco.1997.9.8.1735},
  journal = {Neural Comput.},
  month = {nov},
  pages = {1735–1780},
  numpages = {46}
}

@article{bilstm,
author = {Schuster, Mike and Paliwal, Kuldip},
year = {1997},
month = {12},
pages = {2673 - 2681},
title = {Bidirectional recurrent neural networks},
volume = {45},
journal = {Signal Processing, IEEE Transactions on},
doi = {10.1109/78.650093}
}

@online{keras,
  title={Keras},
  author={Chollet, Francois and others},
  year={2015},
  publisher={GitHub},
  url={https://github.com/fchollet/keras},
}

@misc{tensorflow2015,
title={ {TensorFlow}: Large-Scale Machine Learning on Heterogeneous Systems},
url={https://www.tensorflow.org/},
note={Software available from tensorflow.org},
author={
    Mart\'{\i}n~Abadi and
    Ashish~Agarwal and
    Paul~Barham and
    Eugene~Brevdo and
    Zhifeng~Chen and
    Craig~Citro and
    Greg~S.~Corrado and
    Andy~Davis and
    Jeffrey~Dean and
    Matthieu~Devin and
    Sanjay~Ghemawat and
    Ian~Goodfellow and
    Andrew~Harp and
    Geoffrey~Irving and
    Michael~Isard and
    Yangqing Jia and
    Rafal~Jozefowicz and
    Lukasz~Kaiser and
    Manjunath~Kudlur and
    Josh~Levenberg and
    Dandelion~Man\'{e} and
    Rajat~Monga and
    Sherry~Moore and
    Derek~Murray and
    Chris~Olah and
    Mike~Schuster and
    Jonathon~Shlens and
    Benoit~Steiner and
    Ilya~Sutskever and
    Kunal~Talwar and
    Paul~Tucker and
    Vincent~Vanhoucke and
    Vijay~Vasudevan and
    Fernanda~Vi\'{e}gas and
    Oriol~Vinyals and
    Pete~Warden and
    Martin~Wattenberg and
    Martin~Wicke and
    Yuan~Yu and
    Xiaoqiang~Zheng},
  year={2015},
}

@inproceedings{hyperopt,
author = {Bergstra, J. and Yamins, D. and Cox, D. D.},
title = {Making a Science of Model Search: Hyperparameter Optimization in Hundreds of Dimensions for Vision Architectures},
year = {2013},
publisher = {JMLR.org},
pages = {I–115–I–123},
numpages = {9},
location = {Atlanta, GA, USA},
series = {ICML'13}
}

@article {CSP,
	Title = {Spatial patterns underlying population differences in the background EEG},
	Author = {Koles, ZJ and Lazar, MS and Zhou, SZ},
	DOI = {10.1007/bf01129656},
	Number = {4},
	Volume = {2},
	Year = {1990},
	Journal = {Brain topography},
	ISSN = {0896-0267},
	Pages = {275—284},
	URL = {https://doi.org/10.1007/bf01129656},
}

@INPROCEEDINGS{eeg_GA,
  author={M. {Schroder} and M. {Bogdan} and T. {Hinterberger} and N. {Birbaumer}},
  booktitle={First International IEEE EMBS Conference on Neural Engineering, 2003. Conference Proceedings.},
  title={Automated EEG feature selection for brain computer interfaces},
  year={2003},
  volume={},
  number={},
  pages={626-629},
  doi={10.1109/CNE.2003.1196906}
}

## Speech Categorization behavior

## spatial

@article{plasticity_sp,
  title = "Plasticity in auditory categorization is supported by differential engagement of the auditory-linguistic network",
  journal = "NeuroImage",
  volume = "201",
  pages = "116022",
  year = "2019",
  issn = "1053-8119",
  doi = "https://doi.org/10.1016/j.neuroimage.2019.116022",
  url = "http://www.sciencedirect.com/science/article/pii/S1053811919306032",
  author = "Gavin M. Bidelman and Breya Walker"
}

@article{language_sp,
  title = "Effects of language experience and stimulus context on the neural organization and categorical perception of speech",
  journal = "NeuroImage",
  volume = "120",
  pages = "191 - 200",
  year = "2015",
  issn = "1053-8119",
  doi = "https://doi.org/10.1016/j.neuroimage.2015.06.087",
  url = "http://www.sciencedirect.com/science/article/pii/S1053811915005923",
  author = "Gavin M. Bidelman and Chia-Cheng Lee"
}

@article{RH_IFG1,
  title={Selective tuning of the right inferior frontal gyrus during target detection},
  author={A. Hampshire and R. Thompson and J. Duncan and A. Owen},
  journal={Cognitive, Affective, \& Behavioral Neuroscience},
  year={2009},
  volume={9},
  pages={103-112}
}

@article{RH_IFG2,
  title={The role of the right inferior frontal gyrus: inhibition and attentional control},
  author={A. Hampshire and S. Chamberlain and M. Monti and J. Duncan and A. Owen},
  journal={Neuroimage},
  year={2010},
  volume={50},
  pages={1313-1319}
}

@article{Bidelman2016FunctionalCI,
  title={Functional changes in inter- and intra-hemispheric cortical processing underlying degraded speech perception},
  author={G. Bidelman and Megan Howell},
  journal={NeuroImage},
  year={2016},
  volume={124},
  pages={581-590}
}

@article{Mahmud2019,
author = {Bidelman, Gavin and Mahmud, Md Sultan and Yeasin, M. and Shen, Dawei and Arnott, Stephen and Alain, Claude},
year = {2019},
month = {07},
pages = {},
title = {Age-related hearing loss increases full-brain connectivity while reversing directed signaling within the dorsal–ventral pathway for speech},
volume = {224},
journal = {Brain Structure and Function},
doi = {10.1007/s00429-019-01922-9}
}

@article {Mahmud2020,
	author = {Mahmud, Md Sultan and Yeasin, Mohammed and Bidelman, Gavin M.},
	title = {Speech categorization is better described by induced rather than evoked neural activity},
	elocation-id = {2020.10.20.347526},
	year = {2020},
	doi = {10.1101/2020.10.20.347526},
	publisher = {Cold Spring Harbor Laboratory},
	URL = {https://www.biorxiv.org/content/early/2020/10/21/2020.10.20.347526},
	eprint = {https://www.biorxiv.org/content/early/2020/10/21/2020.10.20.347526.full.pdf},
	journal = {bioRxiv}
}

@ARTICLE{Mahmud_2,

AUTHOR={Mahmud, Md Sultan and Ahmed, Faruk and Al-Fahad, Rakib and Moinuddin, Kazi Ashraf and Yeasin, Mohammed and Alain, Claude and Bidelman, Gavin M.},

TITLE={Decoding Hearing-Related Changes in Older Adults’ Spatiotemporal Neural Processing of Speech Using Machine Learning},

JOURNAL={Frontiers in Neuroscience},

VOLUME={14},

PAGES={748},

YEAR={2020},

URL={https://www.frontiersin.org/article/10.3389/fnins.2020.00748},

DOI={10.3389/fnins.2020.00748},

ISSN={1662-453X}
}

@article{obj_con_gamma,
  title = "Oscillatory gamma activity in humans and its role in object representation",
  journal = "Trends in Cognitive Sciences",
  volume = "3",
  number = "4",
  pages = "151 - 162",
  year = "1999",
  issn = "1364-6613",
  doi = "https://doi.org/10.1016/S1364-6613(99)01299-1",
  url = "http://www.sciencedirect.com/science/article/pii/S1364661399012991",
  author = "Catherine Tallon-Baudry and Olivier Bertrand",
  keywords = "gamma band, 40Hz, EEG, feature binding, object representation, visual, auditory"
}

@article {parietal,
	author = {Jonides, John and Schumacher, Eric H. and Smith, Edward E. and Koeppe, Robert A. and Awh, Edward and Reuter-Lorenz, Patricia A. and Marshuetz, Christy and Willis, Christopher R.},
	title = {The Role of Parietal Cortex in Verbal Working Memory},
	volume = {18},
	number = {13},
	pages = {5026--5034},
	year = {1998},
	doi = {10.1523/JNEUROSCI.18-13-05026.1998},
	publisher = {Society for Neuroscience},
	issn = {0270-6474},
	URL = {https://www.jneurosci.org/content/18/13/5026},
	eprint = {https://www.jneurosci.org/content/18/13/5026.full.pdf},
	journal = {Journal of Neuroscience}
}

@article{net_gamma1,
  author = {Giraud, Anne-Lise and Poeppel, David},
  year = {2012},
  month = {03},
  pages = {511-7},
  title = {Cortical oscillations and speech processing: Emerging computational principles and operations},
  volume = {15},
  journal = {Nature neuroscience},
  doi = {10.1038/nn.3063}
}

@article {net_gamma2,
	author = {Haenschel, Corinna and Baldeweg, Torsten and Croft, Rodney J. and Whittington, Miles and Gruzelier, John},
	title = {Gamma and beta frequency oscillations in response to novel auditory stimuli: A comparison of human electroencephalogram (EEG) data with in vitro models},
	volume = {97},
	number = {13},
	pages = {7645--7650},
	year = {2000},
	doi = {10.1073/pnas.120162397},
	publisher = {National Academy of Sciences},
	URL = {https://www.pnas.org/content/97/13/7645},
	eprint = {https://www.pnas.org/content/97/13/7645.full.pdf},
	journal = {Proceedings of the National Academy of Sciences}
}

@article {net_gamma3,
	author = {Si, Xiaopeng and Zhou, Wenjing and Hong, Bo},
	title = {Cooperative cortical network for categorical processing of Chinese lexical tone},
	volume = {114},
	number = {46},
	pages = {12303--12308},
	year = {2017},
	doi = {10.1073/pnas.1710752114},
	publisher = {National Academy of Sciences},
	issn = {0027-8424},
	URL = {https://www.pnas.org/content/114/46/12303},
	eprint = {https://www.pnas.org/content/114/46/12303.full.pdf},
	journal = {Proceedings of the National Academy of Sciences}
}

@article{beta1,
title = "Effects of language experience and stimulus context on the neural organization and categorical perception of speech",
journal = "NeuroImage",
volume = "120",
pages = "191 - 200",
year = "2015",
issn = "1053-8119",
doi = "https://doi.org/10.1016/j.neuroimage.2015.06.087",
url = "http://www.sciencedirect.com/science/article/pii/S1053811915005923",
author = "Gavin M. Bidelman and Chia-Cheng Lee",
keywords = "Auditory event-related potentials (ERP), Experience-dependent plasticity, Categorical perception, Linguistic tones, Stimulus context effects, Mandarin Chinese"
}

@article{beta2,
author = {Bashivan, Pouya and Bidelman, Gavin and Yeasin, M.},
year = {2014},
month = {10},
pages = {},
title = {Spectrotemporal dynamics of the EEG during working memory encoding and maintenance predicts individual behavioral capacity},
volume = {40},
journal = {European Journal of Neuroscience},
doi = {10.1111/ejn.12749}
}

@article{beta3,
    author = {Senkowski, Daniel and Molholm, Sophie and Gomez-Ramirez, Manuel and Foxe, John J.},
    title = "{Oscillatory Beta Activity Predicts Response Speed during a Multisensory Audiovisual Reaction Time Task: A High-Density Electrical Mapping Study}",
    journal = {Cerebral Cortex},
    volume = {16},
    number = {11},
    pages = {1556-1565},
    year = {2005},
    month = {12},
    issn = {1047-3211},
    doi = {10.1093/cercor/bhj091},
    url = {https://doi.org/10.1093/cercor/bhj091},
    eprint = {https://academic.oup.com/cercor/article-pdf/16/11/1556/902786/bhj091.pdf},
}

@ARTICLE{beta4,

AUTHOR={Tzagarakis, Charidimos and West, Sarah and Pellizzer, Giuseppe},

TITLE={Brain oscillatory activity during motor preparation: effect of directional uncertainty on beta, but not alpha, frequency band},

JOURNAL={Frontiers in Neuroscience},

VOLUME={9},

PAGES={246},

YEAR={2015},

URL={https://www.frontiersin.org/article/10.3389/fnins.2015.00246},

DOI={10.3389/fnins.2015.00246},

ISSN={1662-453X}
}

@article{beta5,
title = "Auditory-frontal Channeling in $\alpha$ and $\beta$ Bands is Altered by Age-related Hearing Loss and Relates to Speech Perception in Noise",
journal = "Neuroscience",
volume = "423",
pages = "18 - 28",
year = "2019",
issn = "0306-4522",
doi = "https://doi.org/10.1016/j.neuroscience.2019.10.044",
url = "http://www.sciencedirect.com/science/article/pii/S0306452219307432",
author = "Caitlin N. Price and Claude Alain and Gavin M. Bidelman"
}

@article{alpha,
title = "Amplified induced neural oscillatory activity predicts musicians’ benefits in categorical speech perception",
journal = "Neuroscience",
volume = "348",
pages = "107 - 113",
year = "2017",
issn = "0306-4522",
doi = "https://doi.org/10.1016/j.neuroscience.2017.02.015",
url = "http://www.sciencedirect.com/science/article/pii/S0306452217300982",
author = "Gavin M. Bidelman",
keywords = "alpha activity, categorical speech perception, experience-dependent plasticity, induced oscillations, gamma activity"
}

@article {tm1,
	author = {Carter, Jared A. and Bidelman, Gavin M.},
	title = {Auditory cortex is susceptible to lexical influence as revealed by informational vs. energetic masking of speech categorization},
	elocation-id = {2020.10.20.347724},
	year = {2020},
	doi = {10.1101/2020.10.20.347724},
	publisher = {Cold Spring Harbor Laboratory},
	URL = {https://www.biorxiv.org/content/early/2020/10/21/2020.10.20.347724},
	eprint = {https://www.biorxiv.org/content/early/2020/10/21/2020.10.20.347724.full.pdf},
	journal = {bioRxiv}
}

@INPROCEEDINGS{CAM,
  author={B. {Zhou} and A. {Khosla} and A. {Lapedriza} and A. {Oliva} and A. {Torralba}},
  booktitle={2016 IEEE Conference on Computer Vision and Pattern Recognition (CVPR)},
  title={Learning Deep Features for Discriminative Localization},
  year={2016},
  volume={},
  number={},
  pages={2921-2929},
  doi={10.1109/CVPR.2016.319}
 }

 @ARTICLE{cnn_fixation,
  author={K. R. {Mopuri} and U. {Garg} and R. {Venkatesh Babu}},
  journal={IEEE Transactions on Image Processing},
  title={CNN Fixations: An Unraveling Approach to Visualize the Discriminative Image Regions},
  year={2019},
  volume={28},
  number={5},
  pages={2116-2125},
  keywords={computer vision;convolutional neural nets;feature extraction;object recognition;CNN fixations;discriminative image regions;caption generation;visual explanations;CNN-based models;computer vision applications;object recognition;forward pass operation;discriminative image locations;human eye fixations;diverse vision tasks;deep convolutional neural networks;image locations;network architectures;feature dependencies;Neurons;Visualization;Task analysis;Computer architecture;Training;Network architecture;Convolution;Explainable AI;CNN visualization;visual explanations;label localization;weakly supervised localization},
  doi={10.1109/TIP.2018.2881920},
  ISSN={1941-0042},
  month={May}
  }

  @INPROCEEDINGS{EigenCAM,
    author={M. B. {Muhammad} and M. {Yeasin}},
    booktitle={2020 International Joint Conference on Neural Networks (IJCNN)},
    title={Eigen-CAM: Class Activation Map using Principal Components},
    year={2020},
    volume={},
    number={},
    pages={1-7},
    keywords={computer vision;convolutional neural nets;image representation;learning (artificial intelligence);principal component analysis;deep neural networks;convolutional neural networks;CNNs;class activation map;convolutional layers;fully connected layers;CNN models;Eigen-CAM;Visualization;Feature extraction;Computational modeling;Backpropagation;Convolution;Robustness;Machine learning algorithms;Weakly supervised localization;Visual explanation of CNN;Explainable AI;Class activation maps;Salient features},
    doi={10.1109/IJCNN48605.2020.9206626},
    ISSN={2161-4407},
    month={July}
  }

@inproceedings{sanity_sm,
  author = {Adebayo, Julius and Gilmer, Justin and Muelly, Michael and Goodfellow, Ian and Hardt, Moritz and Kim, Been},
  title = {Sanity Checks for Saliency Maps},
  year = {2018},
  publisher = {Curran Associates Inc.},
  address = {Red Hook, NY, USA},
  numpages = {12},
  location = {Montr\'{e}al, Canada},
  series = {NIPS'18}
  }

@article{dl_emotion,
  title = "Emotion recognition with convolutional neural network and EEG-based EFDMs",
  journal = "Neuropsychologia",
  volume = "146",
  pages = "107506",
  year = "2020",
  issn = "0028-3932",
  doi = "https://doi.org/10.1016/j.neuropsychologia.2020.107506",
  url = "http://www.sciencedirect.com/science/article/pii/S0028393220301780",
  author = "Fei Wang and Shichao Wu and Weiwei Zhang and Zongfeng Xu and Yahui Zhang and Chengdong Wu and Sonya Coleman"
  }

@article{Chen_2019,
  	doi = {10.1088/1741-2552/ab3a0a},
  	url = {https://doi.org/10.1088%2F1741-2552%2Fab3a0a},
  	year = 2019,
  	month = {nov},
  	publisher = {{IOP} Publishing},
  	volume = {16},
  	number = {6},
  	pages = {066046},
  	author = {He Chen and Yan Song and Xiaoli Li},
  	title = {Use of deep learning to detect personalized spatial-frequency abnormalities in {EEGs} of children with {ADHD}},
  	journal = {Journal of Neural Engineering},
  }

@article{dl_spec,
  author = {Aslan, Zülfikar and Akin, Mehmet},
  year = {2020},
  month = {04},
  pages = {235-244},
  title = {Automatic Detection of Schizophrenia by Applying Deep Learning over Spectrogram Images of EEG Signals},
  volume = {37},
  journal = {Traitement du Signal},
  doi = {10.18280/ts.370209}
}

@article{dl_spatial_spec,
  author = {Schirrmeister, Robin and Springenberg, Jost and Fiederer, Lukas and Glasstetter, Martin and Eggensperger, Katharina and Tangermann, Michael and Hutter, Frank and Burgard, Wolfram and Ball, Tonio},
  year = {2017},
  month = {08},
  pages = {},
  title = {Deep learning with convolutional neural networks for EEG decoding and visualization: Convolutional Neural Networks in EEG Analysis},
  volume = {38},
  journal = {Human Brain Mapping},
  doi = {10.1002/hbm.23730}
}

@ARTICLE{fbcsp,

AUTHOR={Ang, Kai Keng and Chin, Zheng Yang and Wang, Chuanchu and Guan, Cuntai and Zhang, Haihong},

TITLE={Filter Bank Common Spatial Pattern Algorithm on BCI Competition IV Datasets 2a and 2b},

JOURNAL={Frontiers in Neuroscience},

VOLUME={6},

PAGES={39},

YEAR={2012},

URL={https://www.frontiersin.org/article/10.3389/fnins.2012.00039},

DOI={10.3389/fnins.2012.00039},

ISSN={1662-453X}

}

@article{cp,
author = {Liberman, A.M. and Cooper, F.S. and Shankweiler, Donald and Studdert-Kennedy, Michael},
year = {1967},
month = {12},
pages = {431-61},
title = {Perception of the Speech Code},
volume = {74},
journal = {Psychological review},
doi = {10.1037/h0020279}
}

% Lit review

@article{dl_eeg_rev,
author = {Craik, Alexander and He, Yongtian and Contreras-Vidal, José},
year = {2019},
month = {02},
pages = {},
title = {Deep learning for Electroencephalogram (EEG) classification tasks: A review},
volume = {16},
journal = {Journal of Neural Engineering},
doi = {10.1088/1741-2552/ab0ab5}
}

@ARTICLE{mi,
  author={G. {Pfurtscheller} and C. {Neuper}},
  journal={Proceedings of the IEEE},
  title={Motor imagery and direct brain-computer communication},
  year={2001},
  volume={89},
  number={7},
  pages={1123-1134},
  doi={10.1109/5.939829}
  }

@article{bci_mi2,
author = {Rezaeitabar, Yousef and Halici, Ugur},
year = {2017},
month = {02},
pages = {016003},
title = {A novel deep learning approach for classification of EEG motor imagery signals},
volume = {14},
journal = {Journal of Neural Engineering},
doi = {10.1088/1741-2560/14/1/016003}
}

@INPROCEEDINGS{bci_mi1,
  author={S. {Kumar} and A. {Sharma} and K. {Mamun} and T. {Tsunoda}},
  booktitle={2016 3rd Asia-Pacific World Congress on Computer Science and Engineering (APWC on CSE)},
  title={A Deep Learning Approach for Motor Imagery EEG Signal Classification},
  year={2016},
  volume={},
  number={},
  pages={34-39},
  doi={10.1109/APWC-on-CSE.2016.017}

  }

@article{bci_mi3,
  author = {Chiarelli, Antonio and Croce, Pierpaolo and Merla, Arcangelo and Zappasodi, Filippo},
  year = {2018},
  month = {02},
  pages = {},
  title = {Deep Learning for hybrid EEG-fNIRS Brain-Computer Interface: application to Motor Imagery Classification},
  volume = {15},
  journal = {Journal of Neural Engineering},
  doi = {10.1088/1741-2552/aaaf82}
}

@article{bci_mi4,
author = {Amin, Syed and Alsulaiman, Mansour and Muhammad, Ghulam and Amine, M.A. and Hossain, M. Shamim},
year = {2019},
month = {07},
pages = {},
title = {Deep Learning for EEG motor imagery classification based on multi-layer CNNs feature fusion},
volume = {101},
journal = {Future Generation Computer Systems},
doi = {10.1016/j.future.2019.06.027}
}

@article{bci_mi5,
  title={EEG Classification of Motor Imagery Using a Novel Deep Learning Framework},
  author={M. Dai and D. Zheng and R. Na and Shuai Wang and Shuailei Zhang},
  journal={Sensors (Basel, Switzerland)},
  year={2019},
  volume={19}
}

@article{bci_mi6,
title = "Single-trial EEG classification of motor imagery using deep convolutional neural networks",
journal = "Optik",
volume = "130",
pages = "11 - 18",
year = "2017",
issn = "0030-4026",
doi = "https://doi.org/10.1016/j.ijleo.2016.10.117",
url = "http://www.sciencedirect.com/science/article/pii/S0030402616312980",
author = "Zhichuan Tang and Chao Li and Shouqian Sun",
keywords = "Motor imagery, Non-invasive EEG, Brain–computer interface, Deep convolutional neural network"
}

@article{bci_mi7,
title = "Classification of multiple motor imagery using deep convolutional neural networks and spatial filters",
journal = "Applied Soft Computing",
volume = "75",
pages = "461 - 472",
year = "2019",
issn = "1568-4946",
doi = "https://doi.org/10.1016/j.asoc.2018.11.031",
url = "http://www.sciencedirect.com/science/article/pii/S156849461830663X",
author = "Brenda E. Olivas-Padilla and Mario I. Chacon-Murguia",
keywords = "Brain–Computer Interface (BCI), Electroencephalogram (EEG), Motor imagery (MI), Multi-class classification, Convolutional neural network (CNN)"
}

@ARTICLE{bci_rnn,
  author={P. {Wang} and A. {Jiang} and X. {Liu} and J. {Shang} and L. {Zhang}},
  journal={IEEE Transactions on Neural Systems and Rehabilitation Engineering},
  title={LSTM-Based EEG Classification in Motor Imagery Tasks},
  year={2018},
  volume={26},
  number={11},
  pages={2086-2095},
  doi={10.1109/TNSRE.2018.2876129}
  }

@article{bci_rnn1,
  author = {Luo, Tian-jian and Zhou, Changle and Chao, Fei},
  year = {2018},
  month = {12},
  pages = {},
  title = {Exploring spatial-frequency-sequential relationships for motor imagery classification with recurrent neural network},
  volume = {19},
  journal = {BMC Bioinformatics},
  doi = {10.1186/s12859-018-2365-1}
  }

@article{mw1,
  title = "EEG-based prediction of driver's cognitive performance by deep convolutional neural network",
  journal = "Signal Processing: Image Communication",
  volume = "47",
  pages = "549 - 555",
  year = "2016",
  issn = "0923-5965",
  doi = "https://doi.org/10.1016/j.image.2016.05.018",
  url = "http://www.sciencedirect.com/science/article/pii/S0923596516300832",
  author = "Mehdi Hajinoroozi and Zijing Mao and Tzyy-Ping Jung and Chin-Teng Lin and Yufei Huang",
  keywords = "Deep neural network, Convolutional neural network, Cognitive states"
  }

@article{mw2,
  title = "Cross-session classification of mental workload levels using EEG and an adaptive deep learning model",
  journal = "Biomedical Signal Processing and Control",
  volume = "33",
  pages = "30 - 47",
  year = "2017",
  issn = "1746-8094",
  doi = "https://doi.org/10.1016/j.bspc.2016.11.013",
  url = "http://www.sciencedirect.com/science/article/pii/S1746809416302014",
  author = "Zhong Yin and Jianhua Zhang",
  keywords = "Human-machine system, Mental workload, Electroencephalogram (EEG), Deep learning, Operator functional states"
}


@ARTICLE{seizure_eeg1,
  author={M. {Hosseini} and D. {Pompili} and K. {Elisevich} and H. {Soltanian-Zadeh}},
  journal={IEEE Transactions on Big Data},
  title={Optimized Deep Learning for EEG Big Data and Seizure Prediction BCI via Internet of Things},
  year={2017},
  volume={3},
  number={4},
  pages={392-404},
  ISSN={2332-7790},
  month={Dec}
}

@INPROCEEDINGS{seizure_eeg2,
  author={M. {Hosseini} and H. {Soltanian-Zadeh} and K. {Elisevich} and D. {Pompili}},
  booktitle={2016 IEEE Global Conference on Signal and Information Processing (GlobalSIP)},
  title={Cloud-based deep learning of big EEG data for epileptic seizure prediction},
  year={2016},
  volume={},
  number={},
  pages={1151-1155},
  doi={10.1109/GlobalSIP.2016.7906022}
  }

  @ARTICLE{seizure_eeg3,

AUTHOR={Zhou, Mengni and Tian, Cheng and Cao, Rui and Wang, Bin and Niu, Yan and Hu, Ting and Guo, Hao and Xiang, Jie},

TITLE={Epileptic Seizure Detection Based on EEG Signals and CNN},

JOURNAL={Frontiers in Neuroinformatics},

VOLUME={12},

PAGES={95},

YEAR={2018},

URL={https://www.frontiersin.org/article/10.3389/fninf.2018.00095},

DOI={10.3389/fninf.2018.00095},

ISSN={1662-5196}
}

@ARTICLE{sleep1,
  author={S. {Chambon} and M. N. {Galtier} and P. J. {Arnal} and G. {Wainrib} and A. {Gramfort}},
  journal={IEEE Transactions on Neural Systems and Rehabilitation Engineering},
  title={A Deep Learning Architecture for Temporal Sleep Stage Classification Using Multivariate and Multimodal Time Series},
  year={2018},
  volume={26},
  number={4},
  pages={758-769},
  doi={10.1109/TNSRE.2018.2813138}}

  @ARTICLE{sleep2,
    author={A. {Supratak} and H. {Dong} and C. {Wu} and Y. {Guo}},
    journal={IEEE Transactions on Neural Systems and Rehabilitation Engineering},
    title={DeepSleepNet: A Model for Automatic Sleep Stage Scoring Based on Raw Single-Channel EEG},
    year={2017},
    volume={25},
    number={11},
    pages={1998-2008},
    doi={10.1109/TNSRE.2017.2721116}
    }


  @article{eeg_cnn_gradcam,
    author = {Jonas, Stefan and Rossetti, Andrea O. and Oddo, Mauro and Jenni, Simon and Favaro, Paolo and Zubler, Frederic},
    title = {EEG-based outcome prediction after cardiac arrest with convolutional neural networks: Performance and visualization of discriminative features},
    journal = {Human Brain Mapping},
    volume = {40},
    number = {16},
    pages = {4606-4617},
    doi = {10.1002/hbm.24724},
    year = {2019},
  }

  @article{eeg_cnn_gradcam2,
    title = "EEG-based intention recognition with deep recurrent-convolution neural network: Performance and channel selection by Grad-CAM",
    journal = "Neurocomputing",
    volume = "415",
    pages = "225 - 233",
    year = "2020",
    issn = "0925-2312",
    doi = "https://doi.org/10.1016/j.neucom.2020.07.072",
    url = "http://www.sciencedirect.com/science/article/pii/S0925231220311863",
    author = "Yurong Li and Hao Yang and Jixiang Li and Dongyi Chen and Min Du",
    keywords = "EEG, Grad-CAM, Deep recurrent-convolution neural network, Performance, Channel selection, Intention recognition"
  }

  @article{eeg_cnn_gradcam3,
  title = "Emotion recognition with convolutional neural network and EEG-based EFDMs",
  journal = "Neuropsychologia",
  volume = "146",
  pages = "107506",
  year = "2020",
  issn = "0028-3932",
  doi = "https://doi.org/10.1016/j.neuropsychologia.2020.107506",
  url = "http://www.sciencedirect.com/science/article/pii/S0028393220301780",
  author = "Fei Wang and Shichao Wu and Weiwei Zhang and Zongfeng Xu and Yahui Zhang and Chengdong Wu and Sonya Coleman"
  }

  @inproceedings{eeg_cnn_decode_1,
    author = {Schirrmeister, Robin and Gemein, L. and Eggensperger, K. and Hutter, Frank and Ball, Tonio},
    year = {2017},
    month = {12},
    pages = {1-7},
    title = {Deep learning with convolutional neural networks for decoding and visualization of EEG pathology},
    doi = {10.1109/SPMB.2017.8257015}
}

@article{eeg_cnn_decode_2,
  author = {Saha, Pramit and Fels, Sidney},
  year = {2019},
  month = {07},
  pages = {10019-10020},
  title = {Hierarchical Deep Feature Learning for Decoding Imagined Speech from EEG},
  volume = {33},
  journal = {Proceedings of the AAAI Conference on Artificial Intelligence},
  doi = {10.1609/aaai.v33i01.330110019}
}

@article{mvpa,
  title={Distributed and Overlapping Representations of Faces and Objects in Ventral Temporal Cortex},
  author={J. Haxby and M. I. Gobbini and M. Furey and A. Ishai and J. L. Schouten and P. Pietrini},
  journal={Science},
  year={2001},
  volume={293},
  pages={2425 - 2430}
}

@article{mvpa2,
author = {Haxby, James},
year = {2012},
month = {03},
pages = {852-5},
title = {Multivariate pattern analysis of fMRI: The early beginnings},
volume = {62},
journal = {NeuroImage},
doi = {10.1016/j.neuroimage.2012.03.016}
}

@article{mvpacp1,
author = {Lee, Yune and Turkeltaub, Peter and Granger, Richard and Raizada, Rajeev},
year = {2012},
month = {03},
pages = {3942-8},
title = {Categorical Speech Processing in Broca's Area: An fMRI Study Using Multivariate Pattern-Based Analysis},
volume = {32},
journal = {The Journal of neuroscience : the official journal of the Society for Neuroscience},
doi = {10.1523/JNEUROSCI.3814-11.2012}
}


@article{mvpacp2,
author = {Zhang, Fengqing and Wang, Ji-Ping and Kim, Jieun and Parrish, Todd and Wong, Patrick},
year = {2015},
month = {02},
pages = {e0117303},
title = {Decoding Multiple Sound Categories in the Human Temporal Cortex Using High Resolution fMRI},
volume = {10},
journal = {PloS one},
doi = {10.1371/journal.pone.0117303}
}

@article{mvpacp3,
author = {Arsenault, Jessica and Buchsbaum, Bradley},
year = {2015},
month = {01},
pages = {634},
title = {Distributed Neural Representations of Phonological Features during Speech Perception},
volume = {35},
journal = {Journal of Neuroscience},
doi = {10.1523/JNEUROSCI.2454-14.2015}
}
